
@article{si_unit_mass,
  author={Richard Davis},
  title={The SI unit of mass},
  journal={Metrologia},
  volume={40},
  number={6},
  pages={299},
  year={2003},
  note={\weblink{http://stacks.iop.org/0026-1394/40/i=6/a=001}}
  }

@article{si_brochure,
  author={Comit\'e Consultatif des Unit\'es (CCU)},
  title={A concise summary of the International System of Units, the SI},
  year={2009},
  note={\weblink{https://www.bipm.org/documents/20126/41483022/SI-Brochure-9-concise-EN.pdf}}
  }

@book{kolmogorov,
  author={A.~N.~Kolmogorov},
  title={Foundations of the theory of probability},
  publisher={Chelsea Publishing Company},
  address={New York},
  year={1956},
  note={\weblink{http://www.mathematik.com/Kolmogorov/index.html}}
}

@book{bortkiewicz,
  author={V.~von Bortkevi\v{c}},
  title={Das Gesetz der kleinen Zahlen [The law of small numbers]},
  address={Leipzig, Germany},
  year={1898}
  }

@book{del_prete,
  author={T.~Del~Prete},
  title={Methods of Statistical Data Analysis in High Energy Physics},
  year={2010},
  note={\weblink{http://www.pi.infn.it/atlas/documenti/note/statistica.ps.gz}}
  }

@book{loreti,
  author={M.~Loreti},
  title={Teoria degli errori e fondamenti di statistica (introduzione alla fisica sperimentale)},
  year={2006},
  note = {\weblink{http://wwwcdf.pd.infn.it/labo/INDEX.html}}
  }

@article{herschel,
  author={J.~F.~W.~Herschel},
  title={Quetelet on Probabilities},
  journal={Edinburgh Rev.},
  volume={92},
  pages={1--57},
  year={1850}
  }

@article{maxwell,
  author={J.~C.~Maxwell},
  title={On the Dynamical Theory of Gases},
  journal={Philosophical Transactions of the Royal Society of London},
  volume={157},
  pages={49--88},
  url={http://www.jstor.org/stable/108968},
  year={1867}
  }

@article{leike,
  author={A.~Leike},
  title={Demonstration of the exponential decay law using beer froth},
  journal={European Journal of Physics},
  volume={23},
  number={1},
  pages={21},
  url={http://stacks.iop.org/0143-0807/23/i=1/a=304},
  year={2002}
}

@article{dagostini_metro,
  author={P.~Agnoli and G.~D'Agostini},
  title={Perch\'e il pendolo di un metro oscilla in un secondo?},
  journal={Progetto Alice},
  volume={IX},
  number={27},
  pages={369},
  url={http://stacks.iop.org/0034-4885/66/i=9/a=201},
  year={2008},
  note={\weblink{https://www.roma1.infn.it/~dagos/history/metro_Alice.pdf}}
  }

@article{dagostini_review,
  author={G.~D'Agostini},
  title={Bayesian inference in processing experimental data: principles and basic applications},
  journal={Reports on Progress in Physics},
  volume={66},
  number={9},
  pages={1383},
  url={http://stacks.iop.org/0034-4885/66/i=9/a=201},
  year={2003},
  note={\weblink{http://arxiv.org/abs/physics/0304102}}
  }

@article{dagostini_bertrand,
  author={G.~D'Agostini},
  title="{Bertrand `paradox' reloaded (with details on transformations of variables, an introduction to Monte Carlo simulation and an inferential variation of the problem)}",
  journal = {ArXiv e-prints 1504.01361},
  year=2015,
  month=apr,
  note={\weblink{http://arxiv.org/abs/1504.01361}}
}

@article{dagostini_boy_girl,
  author={{D'Agostini}, G.},
  title="{On the so-called Boy or Girl Paradox}",
  journal={ArXiv e-prints 1001.0708},
  year=2010,
  month=jan,
  note={\weblink{http://arxiv.org/abs/1001.0708}}
}

@article{dagostini_pvalues,
  author={G.~D'Agostini},
  title={Probably a discovery: bad mathematics means rough scientific communication},
  journal={ArXiv e-prints 1112.3620},
  year={2011},
  month=dec,
  note={\weblink{https://arxiv.org/abs/1112.3620}}
}


@article{asa_pvalues,
  author = {R.~L.~Wasserstein and N.~A.~Lazar},
  title = {The ASA's Statement on p-Values: Context, Process, and Purpose},
  journal = {The American Statistician},
  volume = {70},
  number = {2},
  pages = {129--133},
  year = {2016},
  note={\weblink{http://dx.doi.org/10.1080/00031305.2016.1154108}}
}

@article{welford,
 ISSN = {00401706},
 URL = {http://www.jstor.org/stable/1266577},
 author = {B. P. Welford},
 journal = {Technometrics},
 number = {3},
 pages = {419-420},
 publisher = {[Taylor & Francis, Ltd., American Statistical Association, American Society for Quality]},
 title = {Note on a Method for Calculating Corrected Sums of Squares and Products},
 volume = {4},
 year = {1962}
}

@book{taocp2,
 author = {Knuth, Donald E.},
 title = {The Art of Computer Programming, Volume 2 (3rd Ed.): Seminumerical Algorithms},
 year = {1997},
 isbn = {0-201-89684-2},
 publisher = {Addison-Wesley Longman Publishing Co., Inc.},
 address = {Boston, MA, USA},
}

@book{janes,
   title = "Probability theory : the logic of science",
   editor = "Jaynes, Edwin Thompson and Bretthorst, G. Larry",
   publisher = "Cambridge University Press",
   address = "Cambridge, UK, New York",
   url = "http://opac.inria.fr/record=b1099730",
   isbn = "0-521-59271-2",
   year = 2003
}

@article{clarke,
  author = {Clarke, R. D.},
  journal = {Journal of the Institute of Actuaries (London)},
  title = {An application of the Poisson distribution},
  volume = 72,
  pages= 482,
  year = 1946,
  note = {\weblink{https://www.actuaries.org.uk/documents/application-poisson-distribution}}
}

@article{odr,
  author = {Boggs, P. T. and Rogers, J. E.},
  journal = {Statistical analysis of measurement error models and applications: proceedings of the AMS-IMS-SIAM joint summer research conference},
  title = {Orthogonal Distance Regression},
  volume = 112,
  pages= 186,
  year = 1990,
  note = {\weblink{www.mechanicalkern.com/static/odr_ams.pdf}}
}

@article{Kasa1976ACF,
  title={A circle fitting procedure and its error analysis},
  author={I. Kasa},
  journal={IEEE Transactions on Instrumentation and Measurement},
  year={1976},
  volume={IM-25},
  pages={8-14}
}

@online{kasawriteup,
  author = {Randy Bullock},
  title = {Least-Squares Circle Fit},
  note = {\weblink{https://dtcenter.org/sites/default/files/community-code/met/docs/write-ups/circle_fit.pdf}}
}

@online{scipy_circular_fit,
  author = {Scipy cookbook},
  title = {Least squares circle},
  note = {\weblink{https://scipy-cookbook.readthedocs.io/items/Least_Squares_Circle.html}}
}

@article{teorema_pi,
   author = {{Buckingham}, E.},
    title = "{On Physically Similar Systems; Illustrations of the Use of Dimensional Equations}",
  journal = {Physical Review},
     year = 1914,
    month = oct,
   volume = 4,
    pages = {345-376},
      doi = {10.1103/PhysRev.4.345},
   adsurl = {http://adsabs.harvard.edu/abs/1914PhRv....4..345B},
  adsnote = {Provided by the SAO/NASA Astrophysics Data System}
}

@online{matplotlibdoc,
  author = {The Matplotlib development team},
  title = {Matplotlib documentation},
  note = {\weblink{https://matplotlib.org/contents.html}}
}

@online{numpydoc,
  author = {The SciPy Community},
  title = {NumPy documentation},
  note = {\weblink{https://docs.scipy.org/doc/numpy/reference/}}
}

@online{pythondoc,
  author = {Python Software Foundation},
  title = {\python\ documentation},
  note = {\weblink{https://docs.python.org/3/}}
}

@online{python_floating_point,
  author = {Python Software Foundation},
  title = {Floating Point Arithmetic: Issues and Limitations},
  note = {\weblink{https://docs.python.org/3/tutorial/floatingpoint.html}}
}

@online{bush_floating_point,
  author = {Bruce M. Bush},
  title = {The Perils of Floating Point},
  note = {\weblink{http://www.lahey.com/float.htm}}
}

@ARTICLE{ieee_754,
  author={},
  journal={IEEE Std 754-2019 (Revision of IEEE 754-2008)},
  title={IEEE Standard for Floating-Point Arithmetic},
  year={2019},
  volume={},
  number={},
  pages={1-84},
  doi={10.1109/IEEESTD.2019.8766229}
  }

@article{mersenne_twister,
  author = {Matsumoto, Makoto and Nishimura, Takuji},
  title = {Mersenne Twister: A 623-Dimensionally Equidistributed Uniform Pseudo-Random Number Generator},
  year = {1998},
  issue_date = {Jan. 1998},
  publisher = {Association for Computing Machinery},
  address = {New York, NY, USA},
  volume = {8},
  number = {1},
  issn = {1049-3301},
  url = {https://doi.org/10.1145/272991.272995},
  doi = {10.1145/272991.272995},
  month = jan,
  pages = {3â€“30},
  numpages = {28}
  }

@ARTICLE{galton_dice,
  author = {{Galton}, Francis},
  title = "{Dice for Statistical Experiments}",
  journal = {Nature},
  year = 1890,
  month = may,
  volume = {42},
  number = {1070},
  pages = {13-14},
  doi = {10.1038/042013a0},
  adsurl = {https://ui.adsabs.harvard.edu/abs/1890Natur..42...13G},
  adsnote = {Provided by the SAO/NASA Astrophysics Data System}
  }

@article{PhysRevLett.109.111807,
  title = {Tenth-Order QED Contribution to the Electron $g\mathbf{\ensuremath{-}}2$ and an Improved Value of the Fine Structure Constant},
  author = {Aoyama, Tatsumi and Hayakawa, Masashi and Kinoshita, Toichiro and Nio, Makiko},
  journal = {Phys. Rev. Lett.},
  volume = {109},
  issue = {11},
  pages = {111807},
  numpages = {4},
  year = {2012},
  month = {Sep},
  publisher = {American Physical Society},
  doi = {10.1103/PhysRevLett.109.111807},
  url = {https://link.aps.org/doi/10.1103/PhysRevLett.109.111807}
}

@article{PhysRevA.83.052122,
  title = {Cavity control of a single-electron quantum cyclotron: Measuring the electron magnetic moment},
  author = {Hanneke, D. and Fogwell Hoogerheide, S. and Gabrielse, G.},
  journal = {Phys. Rev. A},
  volume = {83},
  issue = {5},
  pages = {052122},
  numpages = {26},
  year = {2011},
  month = {May},
  publisher = {American Physical Society},
  doi = {10.1103/PhysRevA.83.052122},
  url = {https://link.aps.org/doi/10.1103/PhysRevA.83.052122}
}

@ARTICLE{newcomb,
  author = {{Newcomb}, Simon},
  title = "{Note on the Frequency of Use of the Different Digits in Natural Numbers}",
  journal = {American Journal of Mathematics},
  keywords = {Benford's law},
  year = 1881,
  month = jan,
  volume = {4},
  pages = {39-40},
  adsurl = {https://ui.adsabs.harvard.edu/abs/1881AmJM....4...39N},
  adsnote = {Provided by the SAO/NASA Astrophysics Data System}
}

@article{benford,
 ISSN = {0003049X},
 URL = {http://www.jstor.org/stable/984802},
 author = {Frank Benford},
 journal = {Proceedings of the American Philosophical Society},
 number = {4},
 pages = {551--572},
 publisher = {American Philosophical Society},
 title = {The Law of Anomalous Numbers},
 volume = {78},
 year = {1938}
}

@article{pendulum_rich,
  author = {Nelson,Robert A.  and Olsson,M. G. },
  title = {The pendulumâ€”Rich physics from a simple system},
  journal = {American Journal of Physics},
  volume = {54},
  number = {2},
  pages = {112-121},
  year = {1986},
  doi = {10.1119/1.14703},
  note = {\weblink{http://fy.chalmers.se/~f7xiz/TIF080/pendulum.pdf}},
  URL = {https://doi.org/10.1119/1.14703},
  eprint = {https://doi.org/10.1119/1.14703}
}
